@article{DBLP:journals/corr/abs-1806-07344,
	author    = {G{\'{a}}bor Sz{\'{a}}rnyas and
	J{\'{o}}zsef Marton and
	J{\'{a}}nos Maginecz and
	D{\'{a}}niel Varr{\'{o}}},
	title     = {Reducing Property Graph Queries to Relational Algebra for Incremental
	View Maintenance},
	journal   = {CoRR},
	volume    = {abs/1806.07344},
	year      = {2018},
	url       = {http://arxiv.org/abs/1806.07344},
	archivePrefix = {arXiv},
	eprint    = {1806.07344},
	timestamp = {Mon, 13 Aug 2018 16:46:59 +0200},
	biburl    = {https://dblp.org/rec/bib/journals/corr/abs-1806-07344},
	bibsource = {dblp computer science bibliography, https://dblp.org}
}

@online{Neo4j,
	author = {{Neo4j}},
	title = {Neo4j},
	howpublished = {\url{http://neo4j.org/}},
	year = {2018}
}

@online{Cypher,
	author = {{Neo4j}},
	title = {Cypher query language},
	year = {2018},
	howpublished = {\url{https://neo4j.com/docs/developer-manual/current/cypher/}}
}

@inproceedings{DBLP:conf/dbpl/Rodriguez15,
  author    = {Marko A. Rodriguez},
  title     = {The {Gremlin} graph traversal machine and language (invited talk)},
  booktitle = {DBPL},
  pages     = {1--10},
  year      = {2015},
  url       = {http://doi.acm.org/10.1145/2815072.2815073},
  doi       = {10.1145/2815072.2815073},
  timestamp = {Sun, 25 Oct 2015 17:18:28 +0100},
  biburl    = {http://dblp.org/rec/bib/conf/dbpl/Rodriguez15},
  bibsource = {dblp computer science bibliography, http://dblp.org}
}

@inproceedings{DBLP:conf/sigmod/FrancisGGLLMPRS18,
	author    = {Nadime Francis and
	Alastair Green and
	Paolo Guagliardo and
	Leonid Libkin and
	Tobias Lindaaker and
	Victor Marsault and
	Stefan Plantikow and
	Mats Rydberg and
	Petra Selmer and
	Andr{\'{e}}s Taylor},
	title     = {{Cypher}: An Evolving Query Language for Property Graphs},
	booktitle = {SIGMOD},
	pages     = {1433--1445},
	publisher = {{ACM}},
	year      = {2018},
	url       = {http://doi.acm.org/10.1145/3183713.3190657},
	doi       = {10.1145/3183713.3190657},
	timestamp = {Sun, 27 May 2018 19:31:52 +0200},
	biburl    = {https://dblp.org/rec/bib/conf/sigmod/FrancisGGLLMPRS18},
	bibsource = {dblp computer science bibliography, https://dblp.org}
}

@article{DBLP:journals/tods/PerezAG09,
  author    = {Jorge P{\'{e}}rez and
               Marcelo Arenas and
               Claudio Guti{\'{e}}rrez},
  title     = {Semantics and complexity of {SPARQL}},
  journal   = {{ACM} Trans. Database Syst.},
  volume    = {34},
  number    = {3},
  pages     = {16:1--16:45},
  year      = {2009},
  url       = {https://doi.org/10.1145/1567274.1567278},
  doi       = {10.1145/1567274.1567278},
  timestamp = {Tue, 06 Nov 2018 12:51:47 +0100},
  biburl    = {https://dblp.org/rec/bib/journals/tods/PerezAG09},
  bibsource = {dblp computer science bibliography, https://dblp.org}
}

@inproceedings{DBLP:conf/grades/SzarnyasPAMPKEB18,
  author    = {G{\'{a}}bor Sz{\'{a}}rnyas and
               Arnau Prat{-}P{\'{e}}rez and
               Alex Averbuch and
               J{\'{o}}zsef Marton and
               Marcus Paradies and
               Moritz Kaufmann and
               Orri Erling and
               Peter A. Boncz and
               Vlad Haprian and
               J{\'{a}}nos Benjamin Antal},
  title     = {An early look at the {LDBC} {Social Network Benchmark's} {Business Intelligence} workload},
  booktitle = {{GRADES-NDA} at {SIGMOD}},
  pages     = {9:1--9:11},
  publisher = {{ACM}},
  year      = {2018},
  url       = {http://doi.acm.org/10.1145/3210259.3210268},
  doi       = {10.1145/3210259.3210268},
  timestamp = {Thu, 07 Jun 2018 08:09:17 +0200},
  biburl    = {https://dblp.org/rec/bib/conf/grades/SzarnyasPAMPKEB18},
  bibsource = {dblp computer science bibliography, https://dblp.org}
}

@inproceedings{DBLP:conf/sigmod/ErlingALCGPPB15,
  author    = {Orri Erling and
  Alex Averbuch and
  Josep{-}Lluis Larriba{-}Pey and
  Hassan Chafi and
  Andrey Gubichev and
  Arnau Prat{-}P{\'{e}}rez and
  Minh{-}Duc Pham and
  Peter A. Boncz},
  title     = {The {LDBC Social Network Benchmark}: {Interactive} Workload},
  booktitle = {SIGMOD},
  pages     = {619--630},
  year      = {2015},
  url       = {http://doi.acm.org/10.1145/2723372.2742786},
  doi       = {10.1145/2723372.2742786},
  timestamp = {Thu, 12 Nov 2015 16:33:38 +0100},
  biburl    = {http://dblp.uni-trier.de/rec/bib/conf/sigmod/ErlingALCGPPB15},
  bibsource = {dblp computer science bibliography, http://dblp.org}
}

@inproceedings{DBLP:conf/grades/PacaciZLO17,
  author    = {Anil Pacaci and
               Alice Zhou and
               Jimmy Lin and
               M. Tamer {\"{O}}zsu},
  title     = {Do We Need Specialized Graph Databases? {Benchmarking} Real-Time Social Networking Applications},
  booktitle = {GRADES at SIGMOD},
  pages     = {12:1--12:7},
  year      = {2017},
  url       = {http://doi.acm.org/10.1145/3078447.3078459},
  doi       = {10.1145/3078447.3078459},
  timestamp = {Tue, 18 Jul 2017 08:08:15 +0200},
  biburl    = {https://dblp.org/rec/bib/conf/grades/PacaciZLO17},
  bibsource = {dblp computer science bibliography, https://dblp.org}
}

@article{DBLP:journals/cacm/Codd70,
  author    = {E. F. Codd},
  title     = {A Relational Model of Data for Large Shared Data Banks},
  journal   = {Commun. {ACM}},
  volume    = {13},
  number    = {6},
  pages     = {377--387},
  year      = {1970},
  url       = {http://doi.acm.org/10.1145/362384.362685},
  doi       = {10.1145/362384.362685},
  timestamp = {Wed, 14 Nov 2018 10:22:34 +0100},
  biburl    = {https://dblp.org/rec/bib/journals/cacm/Codd70},
  bibsource = {dblp computer science bibliography, https://dblp.org}
}

@inproceedings{DBLP:conf/sdl/MartonSB17,
  author    = {J{\'{o}}zsef Marton and
               G{\'{a}}bor Sz{\'{a}}rnyas and
               M{\'{a}}rton B{\'{u}}r},
  title     = {Model-Driven Engineering of an {openCypher} Engine: Using Graph Queries
               to Compile Graph Queries},
  booktitle = {{SDL} Forum},
  pages     = {80--98},
  year      = {2017},
  url       = {https://doi.org/10.1007/978-3-319-68015-6_6},
  doi       = {10.1007/978-3-319-68015-6_6},
  timestamp = {Thu, 12 Oct 2017 12:23:54 +0200},
  biburl    = {http://dblp.uni-trier.de/rec/bib/conf/sdl/MartonSB17},
  bibsource = {dblp computer science bibliography, http://dblp.org}
}

@inproceedings{DBLP:conf/sigmod/KankanamgeSMCS17,
  author    = {Chathura Kankanamge and
               Siddhartha Sahu and
               Amine Mhedbhi and
               Jeremy Chen and
               Semih Salihoglu},
  title     = {Graphflow: An Active Graph Database},
  booktitle = {SIGMOD},
  pages     = {1695--1698},
  year      = {2017},
  url       = {http://doi.acm.org/10.1145/3035918.3056445},
  doi       = {10.1145/3035918.3056445},
  timestamp = {Wed, 10 May 2017 22:12:12 +0200},
  biburl    = {http://dblp.uni-trier.de/rec/bib/conf/sigmod/KankanamgeSMCS17},
  bibsource = {dblp computer science bibliography, http://dblp.org}
}

@article{DBLP:journals/pvldb/SahuMSLO17,
  author    = {Siddhartha Sahu and
               Amine Mhedhbi and
               Semih Salihoglu and
               Jimmy Lin and
               M. Tamer {\"{O}}zsu},
  title     = {The Ubiquity of Large Graphs and Surprising Challenges of Graph Processing},
  journal   = {{PVLDB}},
  volume    = {11},
  number    = {4},
  pages     = {420--431},
  year      = {2017},
  url       = {http://www.vldb.org/pvldb/vol11/p420-sahu.pdf},
  doi       = {10.1145/3164135.3164139},
  timestamp = {Tue, 16 Oct 2018 15:34:44 +0200},
  biburl    = {https://dblp.org/rec/bib/journals/pvldb/SahuMSLO17},
  bibsource = {dblp computer science bibliography, https://dblp.org}
}

@article{DBLP:journals/pvldb/GuagliardoL17,
  author    = {Paolo Guagliardo and Leonid Libkin},
  title     = {A Formal Semantics of {SQL} Queries, Its Validation, and Applications},
  journal   = {{PVLDB}},
  volume    = {11},
  number    = {1},
  pages     = {27--39},
  year      = {2017},
  url       = {http://www.vldb.org/pvldb/vol11/p27-guagliardo.pdf},
  doi       = {10.14778/3151113.3151116},
  timestamp = {Tue, 16 Oct 2018 15:34:44 +0200},
  biburl    = {https://dblp.org/rec/bib/journals/pvldb/GuagliardoL17},
  bibsource = {dblp computer science bibliography, https://dblp.org}
}

@inproceedings{DBLP:conf/btw/RudolfPBL13,
  author    = {Michael Rudolf and
  Marcus Paradies and
  Christof Bornh{\"{o}}vd and
  Wolfgang Lehner},
  author    = {Michael Rudolf and others},
  title     = {The Graph Story of the {SAP} {HANA} Database},
  booktitle = {BTW},
  pages     = {403--420},
  year      = {2013},
  url       = {http://www.btw-2013.de/proceedings/The%20Graph%20Story%20of%20the%20SAP%20HANA%20Database.pdf},
  timestamp = {Tue, 15 Mar 2016 11:26:11 +0100},
  biburl    = {http://dblp.uni-trier.de/rec/bib/conf/btw/RudolfPBL13},
  bibsource = {dblp computer science bibliography, http://dblp.org}
}

@inproceedings{DBLP:conf/grades/SteerALCVV17,
  author    = {Benjamin A. Steer and
               Alhamza Alnaimi and
               Marco A. B. F. G. Lotz and
               F{\'{e}}lix Cuadrado and
               Luis M. Vaquero and
               Joan Varvenne},
  title     = {Cytosm: Declarative Property Graph Queries Without Data Migration},
  booktitle = {GRADES at SIGMOD},
  pages     = {4:1--4:6},
  year      = {2017},
  url       = {http://doi.acm.org/10.1145/3078447.3078451},
  doi       = {10.1145/3078447.3078451},
  timestamp = {Tue, 18 Jul 2017 08:08:15 +0200},
  biburl    = {https://dblp.org/rec/bib/conf/grades/SteerALCVV17},
  bibsource = {dblp computer science bibliography, https://dblp.org}
}

@techreport{LDBC_SNB,
	author       = {{LDBC Social Network Benchmark task force}},
	title        = {{LDBC Social Network Benchmark (SNB)}},
	note         = {\url{http://https://ldbc.github.io/ldbc_snb_docs/ldbc-snb-specification.pdf}},
	institution  = {Linked Data Benchmark Council},
	year         = {2018},
}

@book{DBLP:books/daglib/0006733,
	author    = {Ramez Elmasri and
	Shamkant B. Navathe},
	title     = {Fundamentals of Database Systems},
	edition   = {3},
	publisher = {Addison-Wesley-Longman},
	year      = {2000},
	isbn      = {978-0-8053-1755-8},
	timestamp = {Mon, 18 Apr 2011 17:48:55 +0200},
	biburl    = {https://dblp.org/rec/bib/books/daglib/0006733},
	bibsource = {dblp computer science bibliography, https://dblp.org}
}

@book{DBLP:books/daglib/0015084,
	author    = {Abraham Silberschatz and
	Henry F. Korth and
	S. Sudarshan},
	title     = {Database System Concepts},
	edition   = {5},
	publisher = {McGraw-Hill Book Company},
	year      = {2005},
	isbn      = {978-0-07-295886-7},
	timestamp = {Fri, 08 Mar 2013 08:05:13 +0100},
	biburl    = {https://dblp.org/rec/bib/books/daglib/0015084},
	bibsource = {dblp computer science bibliography, https://dblp.org}
}

@book{DBLP:books/daglib/0020812,
	author    = {Hector Garcia{-}Molina and
	Jeffrey D. Ullman and
	Jennifer Widom},
	title     = {Database systems - the complete book {(2.} ed.)},
	publisher = {Pearson Education},
	year      = {2009},
	isbn      = {978-0-13-187325-4},
	timestamp = {Tue, 08 Feb 2011 13:04:57 +0100},
	biburl    = {https://dblp.org/rec/bib/books/daglib/0020812},
	bibsource = {dblp computer science bibliography, https://dblp.org}
}

@incollection{NoSQL,
	author = {Barab{\'a}s {\'A}kos and Sz{\'a}rnyas G{\'a}bor and Gajdos S{\'a}ndor},
	title = {{NoSQL} adatb{\'a}zis-kezel{\H o}k},
	booktitle = {Adatb{\'a}zisok},
	year = {2012},
	edition = {4}
}

@inproceedings{DBLP:conf/sigmod/AnglesABBFGLPPS18,
  author    = {Renzo Angles and
               Marcelo Arenas and
               Pablo Barcel{\'{o}} and
               Peter A. Boncz and
               George H. L. Fletcher and
               Claudio Gutierrez and
               Tobias Lindaaker and
               Marcus Paradies and
               Stefan Plantikow and
               Juan F. Sequeda and
               Oskar van Rest and
               Hannes Voigt},
  title     = {{G-CORE:} A Core for Future Graph Query Languages},
  booktitle = {SIGMOD},
  pages     = {1421--1432},
  publisher = {{ACM}},
  year      = {2018},
  url       = {http://doi.acm.org/10.1145/3183713.3190654},
  doi       = {10.1145/3183713.3190654},
  timestamp = {Sun, 27 May 2018 19:31:52 +0200},
  biburl    = {https://dblp.org/rec/bib/conf/sigmod/AnglesABBFGLPPS18},
  bibsource = {dblp computer science bibliography, https://dblp.org}
}

@article{DBLP:journals/sosym/VarroBHHRU16,
  author    = {D{\'{a}}niel Varr{\'{o}} and
  G{\'{a}}bor Bergmann and
  {\'{A}}bel Heged{\"{u}}s and
  {\'{A}}kos Horv{\'{a}}th and
  Istv{\'{a}}n R{\'{a}}th and
  Zolt{\'{a}}n Ujhelyi},
  title     = {Road to a reactive and incremental model transformation platform:
  three generations of the {VIATRA} framework},
  journal   = {Softw. Syst. Model.},
  volume    = {15},
  number    = {3},
  pages     = {609--629},
  year      = {2016},
  url       = {http://dx.doi.org/10.1007/s10270-016-0530-4},
  doi       = {10.1007/s10270-016-0530-4},
  timestamp = {Wed, 13 Jul 2016 10:05:55 +0200},
  biburl    = {http://dblp.uni-trier.de/rec/bib/journals/sosym/VarroBHHRU16},
  bibsource = {dblp computer science bibliography, http://dblp.org}
}

@inproceedings{DBLP:conf/models/SzarnyasIRHBV14,
  author    = {G{\'{a}}bor Sz{\'{a}}rnyas and
  Benedek Izs{\'{o}} and
  Istv{\'{a}}n R{\'{a}}th and
  D{\'{e}}nes Harmath and
  G{\'{a}}bor Bergmann and
  D{\'{a}}niel Varr{\'{o}}},
  title     = {{IncQuery-D}: A Distributed Incremental Model Query Framework in the Cloud},
  booktitle = {{MODELS}},
  pages     = {653--669},
  year      = {2014},
  url       = {http://dx.doi.org/10.1007/978-3-319-11653-2_40},
  doi       = {10.1007/978-3-319-11653-2_40},
  timestamp = {Mon, 22 Sep 2014 14:18:11 +0200},
  biburl    = {http://dblp.uni-trier.de/rec/bib/conf/models/SzarnyasIRHBV14},
  bibsource = {dblp computer science bibliography, http://dblp.org}
}

@inproceedings{DBLP:conf/semweb/KotsevMPEFK16,
  author    = {Venelin Kotsev and
               Nikos Minadakis and
               Vassilis Papakonstantinou and
               Orri Erling and
               Irini Fundulaki and
               Atanas Kiryakov},
  title     = {Benchmarking {RDF} Query Engines: The {LDBC} {Semantic Publishing Benchmark}},
  booktitle = {BLINK at ISWC},
  year      = {2016},
  url       = {http://ceur-ws.org/Vol-1700/paper-01.pdf},
  timestamp = {Mon, 10 Oct 2016 15:42:52 +0200},
  biburl    = {https://dblp.org/rec/bib/conf/semweb/KotsevMPEFK16},
  bibsource = {dblp computer science bibliography, https://dblp.org}
}

@incollection{DBLP:books/sp/virgilio09/ErlingM09,
  author    = {Orri Erling and
               Ivan Mikhailov},
  editor    = {Roberto De Virgilio and
               Fausto Giunchiglia and
               Letizia Tanca},
  title     = {Virtuoso: {RDF} Support in a Native {RDBMS}},
  booktitle = {Semantic Web Information Management - {A} Model-Based Perspective},
  pages     = {501--519},
  publisher = {Springer},
  year      = {2009},
  url       = {https://doi.org/10.1007/978-3-642-04329-1_21},
  doi       = {10.1007/978-3-642-04329-1_21},
  timestamp = {Tue, 16 May 2017 01:00:00 +0200},
  biburl    = {https://dblp.org/rec/bib/books/sp/virgilio09/ErlingM09},
  bibsource = {dblp computer science bibliography, https://dblp.org}
}

@inproceedings{harris20094store,
  author = {Harris, S. and Lamb, N. and Shadbolt, N.},
  booktitle = {SSWS (International Workshop on Scalable Semantic Web Knowledge Base Systems)},
  title = {4store: The Design and Implementation of a Clustered {RDF} Store},
  year = {2009},
  series    = {{CEUR} Workshop Proceedings},
  volume    = {517},
  publisher = {CEUR-WS.org},
  url       = {http://ceur-ws.org/Vol-517/ssws09-paper7.pdf},
}

@article{DBLP:journals/sosym/SzarnyasIRV18,
  author    = {G{\'{a}}bor Sz{\'{a}}rnyas and
               Benedek Izs{\'{o}} and
               Istv{\'{a}}n R{\'{a}}th and
               D{\'{a}}niel Varr{\'{o}}},
  title     = {The {Train Benchmark}: cross-technology performance evaluation of continuous model queries},
  journal   = {Softw. Syst. Model.},
  volume    = {17},
  number    = {4},
  pages     = {1365--1393},
  year      = {2018},
  url       = {https://doi.org/10.1007/s10270-016-0571-8},
  doi       = {10.1007/s10270-016-0571-8},
  timestamp = {Wed, 14 Nov 2018 10:35:23 +0100},
  biburl    = {https://dblp.org/rec/bib/journals/sosym/SzarnyasIRV18},
  bibsource = {dblp computer science bibliography, https://dblp.org}
}

@book{DBLP:books/daglib/0011013,
	author    = {James Elliott},
	title     = {Hibernate - a developer's notebook},
	publisher = {O'Reilly},
	year      = {2004},
	isbn      = {978-0-596-00696-9},
	timestamp = {Thu, 07 Apr 2011 16:16:01 +0200},
	biburl    = {https://dblp.org/rec/bib/books/daglib/0011013},
	bibsource = {dblp computer science bibliography, https://dblp.org}
}

@article{DBLP:journals/sigmod/BlakeleyCMN06,
	author    = {Jos{\'{e}} A. Blakeley and
	David Campbell and
	S. Muralidhar and
	Anil Nori},
	title     = {The {ADO.NET} entity framework: making the conceptual level real},
	journal   = {{SIGMOD} Record},
	volume    = {35},
	number    = {4},
	pages     = {32--39},
	year      = {2006},
	url       = {http://doi.acm.org/10.1145/1228268.1228275},
	doi       = {10.1145/1228268.1228275},
	timestamp = {Wed, 19 Sep 2012 09:16:25 +0200},
	biburl    = {https://dblp.org/rec/bib/journals/sigmod/BlakeleyCMN06},
	bibsource = {dblp computer science bibliography, https://dblp.org}
}

@article{DBLP:journals/dbsk/EdlichO07,
	author    = {Stefan Edlich and
	Daniel Oltmanns},
	title     = {{db4o} im Spiegel von {JPA/EJB} und Hibernate},
	journal   = {Datenbank-Spektrum},
	volume    = {7},
	number    = {22},
	pages     = {20--24},
	year      = {2007},
	timestamp = {Sun, 12 Jun 2016 10:15:21 +0200},
	biburl    = {https://dblp.org/rec/bib/journals/dbsk/EdlichO07},
	bibsource = {dblp computer science bibliography, https://dblp.org}
}

@inproceedings{DBLP:conf/icwe/BraunschweigTL11,
	author    = {Katrin Braunschweig and
	Maik Thiele and
	Wolfgang Lehner},
	title     = {A Flexible Graph-Based Data Model Supporting Incremental Schema Design and Evolution},
	booktitle = {{ICWE}},
	series    = {Lecture Notes in Computer Science},
	volume    = {7059},
	pages     = {302--306},
	publisher = {Springer},
	year      = {2011},
	url       = {https://doi.org/10.1007/978-3-642-27997-3_29},
	doi       = {10.1007/978-3-642-27997-3_29},
	timestamp = {Tue, 26 Jun 2018 14:12:05 +0200},
	biburl    = {https://dblp.org/rec/bib/conf/icwe/BraunschweigTL11},
	bibsource = {dblp computer science bibliography, https://dblp.org}
}

@inproceedings{DBLP:conf/gg/BergmannHH12,
	author    = {G{\'{a}}bor Bergmann and
	D{\'{o}}ra Horv{\'{a}}th and
	{\'{A}}kos Horv{\'{a}}th},
	title     = {Applying Incremental Graph Transformation to Existing Models in Relational
	Databases},
	booktitle = {{ICGT}},
	series    = {Lecture Notes in Computer Science},
	volume    = {7562},
	pages     = {371--385},
	publisher = {Springer},
	year      = {2012},
	url       = {https://doi.org/10.1007/978-3-642-33654-6_25},
	doi       = {10.1007/978-3-642-33654-6_25},
	timestamp = {Fri, 02 Jun 2017 20:48:40 +0200},
	biburl    = {https://dblp.org/rec/bib/conf/gg/BergmannHH12},
	bibsource = {dblp computer science bibliography, https://dblp.org}
}

@inproceedings{DBLP:conf/sigmod/ONeil08,
	author    = {Elizabeth J. O'Neil},
	title     = {{Object/Relational Mapping} 2008: {Hibernate} and the {Entity Data Model} ({EDM})},
	booktitle = {{SIGMOD}},
	pages     = {1351--1356},
	publisher = {{ACM}},
	year      = {2008},
	url       = {http://doi.acm.org/10.1145/1376616.1376773},
	doi       = {10.1145/1376616.1376773},
	timestamp = {Tue, 10 Jun 2008 07:38:05 +0200},
	biburl    = {https://dblp.org/rec/bib/conf/sigmod/ONeil08},
	bibsource = {dblp computer science bibliography, https://dblp.org}
}

@book{gajdos,
	title = {Adatb{\'a}zisok},
	author = {Gajdos S{\'a}ndor},
	year = {2012},
	edition = {4}	
}

@inproceedings{DBLP:conf/sigmod/ArefCGKOPVW15,
  author    = {Molham Aref and
               Balder ten Cate and
               Todd J. Green and
               Benny Kimelfeld and
               Dan Olteanu and
               Emir Pasalic and
               Todd L. Veldhuizen and
               Geoffrey Washburn},
  title     = {Design and Implementation of the {LogicBlox} System},
  booktitle = {SIGMOD},
  pages     = {1371--1382},
  publisher = {{ACM}},
  year      = {2015},
  url       = {https://doi.org/10.1145/2723372.2742796},
  doi       = {10.1145/2723372.2742796},
  timestamp = {Tue, 06 Nov 2018 11:07:39 +0100},
  biburl    = {https://dblp.org/rec/bib/conf/sigmod/ArefCGKOPVW15},
  bibsource = {dblp computer science bibliography, https://dblp.org}
}

@inproceedings{DBLP:conf/grades/Xirogiannopoulos17,
  author    = {Konstantinos Xirogiannopoulos and
               Virinchi Srinivas and
               Amol Deshpande},
  title     = {{GraphGen}: Adaptive Graph Processing using Relational Databases},
  booktitle = {GRADES at SIGMOD},
  pages     = {9:1--9:7},
  publisher = {{ACM}},
  year      = {2017},
  url       = {https://doi.org/10.1145/3078447.3078456},
  doi       = {10.1145/3078447.3078456},
  timestamp = {Tue, 06 Nov 2018 16:58:01 +0100},
  biburl    = {https://dblp.org/rec/bib/conf/grades/Xirogiannopoulos17},
  bibsource = {dblp computer science bibliography, https://dblp.org}
}

@inproceedings{DBLP:conf/adbis/MartonSV17,
	author    = {J{\'{o}}zsef Marton and
	G{\'{a}}bor Sz{\'{a}}rnyas and
	D{\'{a}}niel Varr{\'{o}}},
	title     = {Formalising {openCypher} Graph Queries in Relational Algebra},
	booktitle = {ADBIS},
	series    = {Lecture Notes in Computer Science},
	volume    = {10509},
	pages     = {182--196},
	publisher = {Springer},
	year      = {2017},
	url       = {https://doi.org/10.1007/978-3-319-66917-5_13},
	doi       = {10.1007/978-3-319-66917-5_13},
}

@misc{MEETOPENCYPHER,
	author = {Neo4j},
	title = {{Meet openCypher: The SQL for Graphs}},
	howpublished = "\url{https://neo4j.com/blog/open-cypher-sql-for-graphs/}",
	year = {2015}, 
	note = "[Online; accessed 27-May-2018]"
}

@misc{TDK2018LDBC,
	author = {M\'arton Elekes, J\'anos Benjamin Antal},
	title = {Gráf információs rendszerek összehasonlító teljesítménymérése},
	year = {2018},
	school = {Budapesti Műszaki és Gazdaságtudományi Egyetem},
	xxschool = {Budapest University of Technology and Economics},
	url = {https://tdk.bme.hu/VIK/ViewPaper/Graf-informacios-rendszerek-osszehasonlito1},
	xxnote = {Scientific Students' Association report},
	note = {TDK dolgozat},
}

@article{DBLP:journals/pvldb/SahuMSLO17,
	author    = {Siddhartha Sahu and
	Amine Mhedhbi and
	Semih Salihoglu and
	Jimmy Lin and
	M. Tamer {\"{O}}zsu},
	title     = {The Ubiquity of Large Graphs and Surprising Challenges of Graph Processing},
	journal   = {{PVLDB}},
	volume    = {11},
	number    = {4},
	pages     = {420--431},
	year      = {2017},
	url       = {http://www.vldb.org/pvldb/vol11/p420-sahu.pdf},
	timestamp = {Wed, 05 Dec 2018 15:20:24 +0100},
	biburl    = {https://dblp.org/rec/bib/journals/pvldb/SahuMSLO17},
	bibsource = {dblp computer science bibliography, https://dblp.org}
}

@Article{Barabasi:2003:ITS,
	author =	"Albert-L{\'a}szl{\'o} Barab{\'a}si and Eric Bonabeau",
	title =	"Information Technology: Scale-Free Networks",
	journal =	"Scientific American",
	volume =	"288",
	number =	"5",
	pages =	"60--69",
	month =	may,
	year = 	"2003",
	CODEN =	"SCAMAC",
	DOI =  	"https://doi.org/10.1038/scientificamerican0503-60",
	ISSN = 	"0036-8733 (print), 1946-7087 (electronic)",
	ISSN-L =	"0036-8733",
	bibdate =	"Fri May 17 10:27:32 MDT 2013",
	bibsource =	"http://www.math.utah.edu/pub/tex/bib/sciam2000.bib",
	URL =  	"http://www.nature.com/scientificamerican/journal/v288/n5/pdf/scientificamerican0503-60.pdf",
	fjournal =	"Scientific American",
	journal-URL =  "http://www.nature.com/scientificamerican",
	doi-url =	"http://dx.doi.org/https://doi.org/10.1038/scientificamerican0503-60",
}

@article{DBLP:journals/jacm/NgoPRR18,
	author    = {Hung Q. Ngo and
	Ely Porat and
	Christopher R{\'{e}} and
	Atri Rudra},
	title     = {Worst-case Optimal Join Algorithms},
	journal   = {J. {ACM}},
	volume    = {65},
	number    = {3},
	pages     = {16:1--16:40},
	year      = {2018},
	url       = {https://doi.org/10.1145/3180143},
	doi       = {10.1145/3180143},
	timestamp = {Wed, 21 Nov 2018 12:44:29 +0100},
	biburl    = {https://dblp.org/rec/bib/journals/jacm/NgoPRR18},
	bibsource = {dblp computer science bibliography, https://dblp.org}
}

@article{DBLP:journals/sigmod/NgoRR13,
	author    = {Hung Q. Ngo and
	Christopher R{\'{e}} and
	Atri Rudra},
	title     = {Skew strikes back: new developments in the theory of join algorithms},
	journal   = {{SIGMOD} Record},
	volume    = {42},
	number    = {4},
	pages     = {5--16},
	year      = {2013},
	url       = {https://doi.org/10.1145/2590989.2590991},
	doi       = {10.1145/2590989.2590991},
	timestamp = {Tue, 06 Nov 2018 12:51:22 +0100},
	biburl    = {https://dblp.org/rec/bib/journals/sigmod/NgoRR13},
	bibsource = {dblp computer science bibliography, https://dblp.org}
}

@article{DBLP:journals/jcss/HaasNSS96,
	author    = {Peter J. Haas and
	Jeffrey F. Naughton and
	S. Seshadri and
	Arun N. Swami},
	title     = {Selectivity and Cost Estimation for Joins Based on Random Sampling},
	journal   = {J. Comput. Syst. Sci.},
	volume    = {52},
	number    = {3},
	pages     = {550--569},
	year      = {1996},
	url       = {https://doi.org/10.1006/jcss.1996.0041},
	doi       = {10.1006/jcss.1996.0041},
	timestamp = {Sat, 20 May 2017 00:25:55 +0200},
	biburl    = {https://dblp.org/rec/bib/journals/jcss/HaasNSS96},
	bibsource = {dblp computer science bibliography, https://dblp.org}
}

@inproceedings{DBLP:conf/icde/EstanN06,
	author    = {Cristian Estan and
	Jeffrey F. Naughton},
	title     = {End-biased Samples for Join Cardinality Estimation},
	booktitle = {ICDE},
	pages     = {20},
	publisher = {{IEEE} Computer Society},
	year      = {2006},
	url       = {https://doi.org/10.1109/ICDE.2006.61},
	doi       = {10.1109/ICDE.2006.61},
	timestamp = {Tue, 16 Jan 2018 17:41:35 +0100},
	biburl    = {https://dblp.org/rec/bib/conf/icde/EstanN06},
	bibsource = {dblp computer science bibliography, https://dblp.org}
}

@inproceedings{DBLP:conf/sigmod/BlakeleyLT86,
	author    = {Jos{\'{e}} A. Blakeley and
	Per{-}{\AA}ke Larson and
	Frank Wm. Tompa},
	title     = {Efficiently Updating Materialized Views},
	booktitle = {SIGMOD},
	pages     = {61--71},
	publisher = {{ACM} Press},
	year      = {1986},
	url       = {https://doi.org/10.1145/16894.16861},
	doi       = {10.1145/16894.16861},
	timestamp = {Tue, 06 Nov 2018 11:07:38 +0100},
	biburl    = {https://dblp.org/rec/bib/conf/sigmod/BlakeleyLT86},
	bibsource = {dblp computer science bibliography, https://dblp.org}
}

@inproceedings{DBLP:conf/sigmod/GuptaMS93,
	author    = {Ashish Gupta and
	Inderpal Singh Mumick and
	V. S. Subrahmanian},
	title     = {Maintaining Views Incrementally},
	booktitle = {SIGMOD},
	pages     = {157--166},
	publisher = {{ACM} Press},
	year      = {1993},
	url       = {https://doi.org/10.1145/170035.170066},
	doi       = {10.1145/170035.170066},
	timestamp = {Tue, 06 Nov 2018 11:07:39 +0100},
	biburl    = {https://dblp.org/rec/bib/conf/sigmod/GuptaMS93},
	bibsource = {dblp computer science bibliography, https://dblp.org}
}

@inproceedings{DBLP:conf/sigmod/ColbyGLMT96,
	author    = {Latha S. Colby and
	Timothy Griffin and
	Leonid Libkin and
	Inderpal Singh Mumick and
	Howard Trickey},
	title     = {Algorithms for Deferred View Maintenance},
	booktitle = {SIGMOD},
	pages     = {469--480},
	publisher = {{ACM} Press},
	year      = {1996},
	url       = {https://doi.org/10.1145/233269.233364},
	doi       = {10.1145/233269.233364},
	timestamp = {Tue, 06 Nov 2018 11:07:38 +0100},
	biburl    = {https://dblp.org/rec/bib/conf/sigmod/ColbyGLMT96},
	bibsource = {dblp computer science bibliography, https://dblp.org}
}

@article{DBLP:journals/sigmod/GriffinK98,
	author    = {Timothy Griffin and
	Bharat Kumar},
	title     = {Algebraic Change Propagation for Semijoin and Outerjoin Queries},
	journal   = {{SIGMOD} Record},
	volume    = {27},
	number    = {3},
	pages     = {22--27},
	year      = {1998},
	url       = {https://doi.org/10.1145/290593.290597},
	doi       = {10.1145/290593.290597},
	timestamp = {Tue, 06 Nov 2018 12:51:22 +0100},
	biburl    = {https://dblp.org/rec/bib/journals/sigmod/GriffinK98},
	bibsource = {dblp computer science bibliography, https://dblp.org}
}


@article{DBLP:journals/vldb/LeisRGMBKN18,
	author    = {Viktor Leis and
	Bernhard Radke and
	Andrey Gubichev and
	Atanas Mirchev and
	Peter A. Boncz and
	Alfons Kemper and
	Thomas Neumann},
	title     = {Query optimization through the looking glass, and what we found running
	the {Join Order Benchmark}},
	journal   = {{VLDB} J.},
	volume    = {27},
	number    = {5},
	pages     = {643--668},
	year      = {2018},
	url       = {https://doi.org/10.1007/s00778-017-0480-7},
	doi       = {10.1007/s00778-017-0480-7},
	timestamp = {Wed, 10 Oct 2018 15:21:17 +0200},
	biburl    = {https://dblp.org/rec/bib/journals/vldb/LeisRGMBKN18},
	bibsource = {dblp computer science bibliography, https://dblp.org}
}


@article{DBLP:journals/vldb/KochAKNNLS14,
	author    = {Christoph Koch and
	Yanif Ahmad and
	Oliver Kennedy and
	Milos Nikolic and
	Andres N{\"{o}}tzli and
	Daniel Lupei and
	Amir Shaikhha},
	title     = {{DBToaster}: higher-order delta processing for dynamic, frequently fresh
	views},
	journal   = {{VLDB} J.},
	volume    = {23},
	number    = {2},
	pages     = {253--278},
	year      = {2014},
	url       = {https://doi.org/10.1007/s00778-013-0348-4},
	doi       = {10.1007/s00778-013-0348-4},
	timestamp = {Sun, 28 May 2017 13:19:15 +0200},
	biburl    = {https://dblp.org/rec/bib/journals/vldb/KochAKNNLS14},
	bibsource = {dblp computer science bibliography, https://dblp.org}
}


@article{DBLP:journals/cacm/MurrayMIIBA16,
	author    = {Derek Gordon Murray and
	Frank McSherry and
	Michael Isard and
	Rebecca Isaacs and
	Paul Barham and
	Mart{\'{\i}}n Abadi},
	title     = {Incremental, iterative data processing with timely dataflow},
	journal   = {Commun. {ACM}},
	volume    = {59},
	number    = {10},
	pages     = {75--83},
	year      = {2016},
	url       = {https://doi.org/10.1145/2983551},
	doi       = {10.1145/2983551},
	timestamp = {Tue, 06 Nov 2018 12:51:39 +0100},
	biburl    = {https://dblp.org/rec/bib/journals/cacm/MurrayMIIBA16},
	bibsource = {dblp computer science bibliography, https://dblp.org}
}

@inproceedings{DBLP:conf/sosp/MurrayMIIBA13,
	author    = {Derek Gordon Murray and
	Frank McSherry and
	Rebecca Isaacs and
	Michael Isard and
	Paul Barham and
	Mart{\'{\i}}n Abadi},
	title     = {Naiad: a timely dataflow system},
	booktitle = {SIGOPS},
	pages     = {439--455},
	publisher = {{ACM}},
	year      = {2013},
	url       = {https://doi.org/10.1145/2517349.2522738},
	doi       = {10.1145/2517349.2522738},
	timestamp = {Tue, 06 Nov 2018 16:59:32 +0100},
	biburl    = {https://dblp.org/rec/bib/conf/sosp/MurrayMIIBA13},
	bibsource = {dblp computer science bibliography, https://dblp.org}
}

@inproceedings{DBLP:conf/icmt/Hinkel18,
	author    = {Georg Hinkel},
	title     = {{NMF:} A Multi-platform Modeling Framework},
	booktitle = {{ICMT}},
	pages     = {184--194},
	year      = {2018},
	url       = {https://doi.org/10.1007/978-3-319-93317-7_10},
	doi       = {10.1007/978-3-319-93317-7_10},
	timestamp = {Mon, 18 Jun 2018 13:49:23 +0200},
	biburl    = {https://dblp.org/rec/bib/conf/icmt/Hinkel18},
	bibsource = {dblp computer science bibliography, https://dblp.org}
}

@inproceedings{DBLP:conf/icdt/Veldhuizen14,
  author    = {Todd L. Veldhuizen},
  title     = {Triejoin: A Simple, Worst-Case Optimal Join Algorithm},
  booktitle = {{ICDT}},
  pages     = {96--106},
  year      = {2014},
  url       = {https://doi.org/10.5441/002/icdt.2014.13},
  doi       = {10.5441/002/icdt.2014.13},
  timestamp = {Tue, 16 Jan 2018 17:46:10 +0100},
  biburl    = {https://dblp.org/rec/bib/conf/icdt/Veldhuizen14},
  bibsource = {dblp computer science bibliography, https://dblp.org}
}


@inproceedings{DBLP:conf/cikm/SakrEH12,
	author    = {Sherif Sakr and
	Sameh Elnikety and
	Yuxiong He},
	title     = {{G-SPARQL:} a hybrid engine for querying large attributed graphs},
	booktitle = {CIKM},
	pages     = {335--344},
	publisher = {{ACM}},
	year      = {2012},
	url       = {https://doi.org/10.1145/2396761.2396806},
	doi       = {10.1145/2396761.2396806},
	timestamp = {Tue, 06 Nov 2018 16:57:36 +0100},
	biburl    = {https://dblp.org/rec/bib/conf/cikm/SakrEH12},
	bibsource = {dblp computer science bibliography, https://dblp.org}
}

@article{DBLP:journals/cacm/FlemingW86,
	author    = {Philip J. Fleming and
	John J. Wallace},
	title     = {How Not To Lie With Statistics: The Correct Way To Summarize Benchmark Results},
	journal   = {Commun. {ACM}},
	volume    = {29},
	number    = {3},
	pages     = {218--221},
	year      = {1986},
	url       = {http://doi.acm.org/10.1145/5666.5673},
	doi       = {10.1145/5666.5673},
	timestamp = {Tue, 07 Jun 2011 16:51:45 +0200},
	biburl    = {http://dblp.org/rec/bib/journals/cacm/FlemingW86},
	bibsource = {dblp computer science bibliography, http://dblp.org}
}

